<?xml version="1.0" encoding="UTF-8"?><collection xmlns="http://www.loc.gov/MARC21/slim"><record><leader>00593nam--2200181-i-4500</leader><controlfield tag="001">000000070</controlfield><controlfield tag="002">20161230</controlfield><controlfield tag="005">20161230201023</controlfield><controlfield tag="008">060222s1000------------r-----000-0-rum-d</controlfield><datafield ind1=" " ind2=" " tag="040"><subfield code="a">IFIN-HH</subfield></datafield><datafield ind1=" " ind2=" " tag="041"><subfield code="a">rum</subfield></datafield><datafield ind1=" " ind2=" " tag="080"><subfield code="a">533.9:621.039.6(061.3)</subfield></datafield><datafield ind1="1" ind2=" " tag="110"><subfield code="a">Academia RSR. Institutul Central de Fizica</subfield></datafield><datafield ind1="1" ind2="0" tag="245"><subfield code="a">Fizica si tehnica plasmei</subfield><subfield code="b">LUCRARILE CELEI DE A TREIA CONFERINTE NATIONALE, Bucuresti 12 - 13 aprilie 1979</subfield></datafield><datafield ind1=" " ind2=" " tag="260"><subfield code="a">Bucuresti, Institutul De Fizica Si Tehnologia Aparatelor Cu Radiatii, 1979</subfield></datafield><datafield ind1=" " ind2=" " tag="300"><subfield code="a">84 P</subfield></datafield><datafield ind1=" " ind2=" " tag="852"><subfield code="a">47419</subfield><subfield code="c">533.9</subfield></datafield><datafield ind1=" " ind2=" " tag="CAT"><subfield code="a">Sys</subfield><subfield code="c">20100929</subfield><subfield code="h">110212</subfield></datafield></record></collection>